%% This BibTeX bibliography file was created using BibDesk.
%% http://bibdesk.sourceforge.net/


%% Created for Manuel Peuster at 2018-04-13 13:32:02 +0200 


%% state of the art

@inproceedings{Panda2016,
	
	author = {Panda, Aurojit and Han, Sangjin and Jang, Keon and Walls, Melvin and Ratnasamy, Sylvia and Shenker, Scott},
	booktitle = {OSDI'16},
	pages = {203--216},
	title = {{NetBricks: Taking the V out of NFV.}},
	url = {https://www.usenix.org/conference/osdi16/technical-sessions/presentation/panda},
	year = {2016}
}


@misc{yxcv,
	title = {{Linux Foundation. OPNFV}},
	url = {https://www.opnfv.org/},
	urldate = {2019-04-19}
}

@incollection{Yaghoubi2012,
	
	author = {Yaghoubi, Hamid and Barazi, Nariman and Reza, Mohammad},
	booktitle = {Infrastructure Design, Signalling and Security in Railway},
	pages = {523--535},
	title = {{Maglev: A Fast and Reliable Software Network Load Balancer }},
	url = {https://www.usenix.org/conference/nsdi16/technical-sessions/presentation/eisenbud},
	year = {2012}
}
@inproceedings{Sekar2012,
	
	author = {Sekar, Vyas and Egi, Norbert and Ratnasamy, Sylvia and Reiter, Michael K. and Shi, Guangyu},
	booktitle = {Proc. USENIX NSDI},
	pages = {24},
	title = {{Design and Implementation of a Consolidated Middlebox Architecture}},
	url = {https://www.usenix.org/conference/nsdi12/technical-sessions/presentation/sekar},
	year = {2012}
}
@techreport{ETSI2012,
	
	author = {ETSI},
	booktitle = {White Paper},
	number = {1},
	pages = {1--16},
	title = {{Network Functions Virtualisation,An Introduction, Benefits, Enablers, Challenges {\&} Call for Action}},
	url = {http://portal.etsi.org/NFV/NFV_White_Paper.pdf},
	year = {2012}
}
@article{Corporation2014,
	author = {Corporation, Intel},
	number = {June},
	title = {{Intel {\textregistered} Data Plane Development Kit}},
	url = {https://www.dpdk.org/},
	year = {2014}
}
@techreport{Thadani1995,
	
	author = {Thadani, MN},
	number = {May},
	pages = {1--19},
	title = {{An efficient zero-copy I/O framework for UNIX}},
	url = {https://dl.acm.org/citation.cfm?id=974947 },
	year = {1995}
}
@misc{TheRustTeam2016,
	author = {{The Rust Team}},
	pages = {329},
	title = {{Rust Programming Language}},
	url = {https://www.rust-lang.org/ },
	
	year = {2016}
}
@inproceedings{Anderson2012,
	
	author = {Anderson, James W. and Braud, Ryan and Kapoor, Rishi and Porter, George and Vahdat, Amin},
	booktitle = {Proceedings of the eighth ACM/IEEE symposium on Architectures for networking and communications systems - ANCS '12},
	pages = {49},
	publisher = {ACM Press},
	title = {{xOMB: extensible open middleboxes with commodity servers}},
	url = {http://dl.acm.org/citation.cfm?doid=2396556.2396566},
	year = {2012}
}
@inproceedings{Sekar2012a,
	
	author = {Sekar, Vyas and Egi, Norbert and Ratnasamy, Sylvia and Reiter, Michael K. and Shi, Guangyu},
	booktitle = {Proc. USENIX NSDI},
	pages = {24},
	title = {{Design and Implementation of a Consolidated Middlebox Architecture}},
	url = {https://www.usenix.org/conference/nsdi12/technical-sessions/presentation/sekar},
	year = {2012}
}
@article{Hwang2015,
	
	author = {Hwang, Jinho and Ramakrishnan, K. K. and Wood, Timothy},
	journal = {IEEE Transactions on Network and Service Management},
	month = {mar},
	number = {1},
	pages = {34--47},
	title = {{NetVM: High performance and flexible networking using virtualization on commodity platforms}},
	url = {http://ieeexplore.ieee.org/document/7036139/},
	volume = {12},
	year = {2015}
}
@article{Martins2014,
	author = {Martins, Joao and Ahmed, Mohamed and Raiciu, Costin and Olteanu, Vladimir and Honda, Michio and Bifulco, Roberto and Huici, Felipe and Nsdi, Implementation},
	doi = {10.1007/978-3-642-38703-6_48},
	pages = {459--473},
	title = {{ClickOS and the Art of Network Function Virtualization}},
	url = {https://www.usenix.org/conference/nsdi14/technical-sessions/presentation/martins},
	year = {2014}
}
@article{Ram2013,
	
	journal = {Atc '13},
	pages = {13--24},
	title = {{Hyper-Switch: A Scalable Software Virtual Switching Architecture}},
	url = { https://www.usenix.org/conference/atc13/technical-sessions/presentation/ram},
	year = {2013}
}
@inproceedings{Honda2015,
	
	author = {Honda, Michio and Huici, Felipe and Lettieri, Giuseppe and Rizzo, Luigi},
	booktitle = {Proceedings of the 1st ACM SIGCOMM Symposium on Software Defined Networking Research - SOSR '15},
	pages = {1--13},
	publisher = {ACM Press},
	title = {{mSwitch: a highly-scalable, modular software switch}},
	url = {http://dl.acm.org/citation.cfm?doid=2774993.2775065},
	year = {2015}
}
@inproceedings{Philippov2017,
	author = {Philippov, Ilya and Melik-Adamyan, Areg},
	booktitle = {Proceedings of the 13th Central {\&} Eastern European Software Engineering Conference in Russia on - CEE-SECR '17},
	pages = {1--6},
	publisher = {ACM Press},
	title = {{Novel approach to network function development}},
	url = {http://dl.acm.org/citation.cfm?doid=3166094.3166111},
	year = {2017}
}
@inproceedings{Naik2017,
	
	author = {Naik, Priyanka and Kanase, Akash and Patel, Trishal and Vutukuru, Mythili},
	booktitle = {Proceedings of the 8th Asia-Pacific Workshop on Systems - APSys '17},
	pages = {212--224},
	publisher = {ACM Press},
	title = {{libVNF: A Framework for Building Scalable High Performance Virtual Network Functions}},
	url = {http://dl.acm.org/citation.cfm?doid=3124680.3124728},
	year = {2017}
}
@inproceedings{Mao2019,
	author = {Mao, Wei and Shen, Zhen and Huang, Xiaolong},
	booktitle = {Proceedings of the 2018 2nd International Conference on Computer Science and Artificial Intelligence - CSAI '18},
	pages = {495--499},
	publisher = {ACM Press},
	title = {{Facilitating Network Functions Virtualization by Exploring Locality in Network Traffic}},
	url = {http://dl.acm.org/citation.cfm?doid=3297156.3297247},
	year = {2019}
}

@article{Wu2017,
	
	author = {Wu, Wenfei and Zhang, Ying},
	journal = {IEEE Internet Computing},
	number = {4},
	pages = {82--86},
	title = {{Network function modeling and its applications}},
	url = {http://ieeexplore.ieee.org/document/7994546/},
	volume = {21},
	year = {2017}
}

}
@article{Duan2019,
	
	author = {Duan, Jingpu and Yi, Xiaodong and Wang, Junjie and Wu, Chuan and Le, Franck},
	journal = {IEEE Journal on Selected Areas in Communications},
	month = {mar},
	number = {3},
	pages = {600--612},
	title = {{NetStar: A Future/Promise Framework for Asynchronous Network Functions}},
	url = {https://ieeexplore.ieee.org/document/8635508/},
	volume = {37},
	year = {2019}
}
@inproceedings{Yasukata2017,
	
	author = {Yasukata, Kenichi and Huici, Felipe and Maffione, Vincenzo and Lettieri, Giuseppe and Honda, Michio},
	booktitle = {Proceedings of the 2017 Symposium on Cloud Computing - SoCC '17},
	pages = {157--169},
	publisher = {ACM Press},
	title = {{HyperNF: building a high performance, high utilization and fair NFV platform}},
	url = {http://dl.acm.org/citation.cfm?doid=3127479.3127489},
	year = {2017}
}
@misc{Poddar2018,
	author = {Poddar, Rishabh and Lan, Chang and Popa, Raluca Ada and Ratnasamy, Sylvia},
	pages = {201--216},
	title = {{SafeBricks: Shielding Network Functions in the Cloud}},
	url = {https://www.usenix.org/conference/nsdi18/presentation/poddar},
	year = {2018}
}
@inproceedings{Yurchenko2018,
	
	author = {Yurchenko, Mykola and Cody, Patrick and Coplan, Aaron and Kennedy, Riley and Wood, Timothy and Ramakrishnan, K. K.},
	booktitle = {Proceedings of the 2016 workshop on Hot topics in Middleboxes and Network Function Virtualization},
	keywords = {NFV,service chains},
	pages = {1--2},
	publisher = {ACM},
	title = {{OpenNetVM}},
	url = {https://dl.acm.org/citation.cfm?id=2940155},
	year = {2018}
}

@inproceedings{Zhang2018,
	
	author = {Zhang, Kai and He, Bingsheng and Wang, Zeke and Hua, Bei and Meng, Jiayi and Design, Systems and Nsdi, Implementation},
	title = {{G-NET : Effective GPU Sharing in NFV Systems}},
	url = {https://www.usenix.org/conference/nsdi18/presentation/zhang-kai},
	year = {2018}
}


@article{Kohler2000,
	author = {Kohler, Eddie and Morris, Robert and Chen, Benjie and Jannotti, John and Kaashoek, M. Frans},
	journal = {ACM Transactions on Computer Systems},
	keywords = {component systems,routers,software router performance},
	month = {aug},
	number = {3},
	pages = {263--297},
	publisher = {ACM},
	title = {{The click modular router}},
	url = {http://portal.acm.org/citation.cfm?doid=354871.354874},
	volume = {18},
	year = {2000}
}

@article{McKeen2013,
	author = {McKeen, Frank and Alexandrovich, Ilya and Berenzon, Alex and Rozas, Carlos V. and Shafi, Hisham and Shanbhogue, Vedvyas and Savagaonkar, Uday R.},
	pages = {1--1},
	title = {{Innovative instructions and software model for isolated execution}},
	url =  {https://www.eit.lth.se/fileadmin/eit/courses/eitn50/Literature/hasp-2013-innovative-instructions-and-software-model-for-isolated-execution.pdf},
	year = {2013}
}

